@book{anummeth,
  author = 	 {Eugene Isaacson and Hebert Bishop Keller},
  title = 	 {Analysis of Numerical Methods},
  publisher = 	 {John Wiley and Sons},
  year = 	 1966,
  isbn = 9780471428657,
  chapter = 9,
}
@book{1dheat,
  author = 	 {John Rozier Cannon},
  title = 	 {The One-dimensional heat equation},
  publisher = 	 {Reading, Massachusetts [etc] : Addison-Wesley},
  year = 	 1984,
  isbn = 0201135221,
  chapter = 6,
}

@book{fourier,
  author = 	 {Jean Baptiste Joseph Fourier},
  title = 	 {Théorie Analytique de la Chaleur},
  publisher = 	 {Cambridge University Press},
  year = 	 1822,
  isbn = 9780511693229
}


@manual{CUDA,
	ALTauthor = {NVIDIA},
	title = {CUDA C++ Programming Guide},
	date = {date},
	language = {english},
	version = {12.3},
	OPTurl = {https://docs.nvidia.com/cuda/pdf/CUDA_C_Programming_Guide.pdf},
}

@misc{1dwavedem,
		author = {Eric Weisstein},
		title = "d´{A}lembert's {S}olution. -- {M}ath{W}orld. {A} {W}olfram {W}eb {R}esource",
		url = {https://mathworld.wolfram.com/dAlembertsSolution.html},
		note = {Disponible online en: \url{https://mathworld.wolfram.com/dAlembertsSolution.html}, 
           Último acceso: 28/08/2024},
        year = "2024",
	}

