@manual{CUDA,
	ALTauthor = {NVIDIA},
	title = {CUDA C++ Programming Guide},
	date = {date},
	language = {english},
	version = {12.3},
	OPTurl = {https://docs.nvidia.com/cuda/pdf/CUDA_C_Programming_Guide.pdf},
}

@online{1dwavedem,
		ALTauthor = {Eric Weisstein},
		ALTeditor = {editor},
		title = {d'Alembert's Solution'},
		url = {https://mathworld.wolfram.com/dAlembertsSolution.html},
		OPTorganization = {MathWorl--A Wolfram Web Resource},
		OPTurldate = {28/06/2024},
	}
